
@comment{This file has been generated by Pybliographer}

@article{morel-upscat,
	author = {B. T. Adams and J. E. Morel},
	title={A Two-Grid Acceleration Scheme for the Multigroup S$_N$\ Equations with Neutron Upscattering},
	journal={Nuclear Science and Engineering},
	volume={115},
	year={1993},
	pages={253--264}
}

@article{evans-upscat,
	author = {T. M. Evans and K. T. Clarno and J. E. Morel},
	title={A Transport Acceleration Scheme for Multigroup Discrete Ordinates with Upscattering},
	journal={Nuclear Science and Engineering},
	volume={165},
	year={2010},
	pages={292--304}
}

@article{park-nda,
	author = {H. Park and D. A. Knoll and C. K. Newman},
	title={Nonlinear Acceleration of Transport Criticality Problems},
	journal={Nuclear Science and Engineering},
	volume={172},
	year={2012},
	pages={52--65}
}

@inproceedings{morel-holo,
	Author = {Jacob R. Peterson and Hans R. Hammer and Jim E. Morel and Jean C. Ragusa and Y. Wang},
	Booktitle = {{ANS M\&C2015 - Joint International Conference on Mathematics and Computation (M\&C), Supercomputing in Nuclear Applications (SNA) and the Monte Carlo (MC) Method}},
	Title = {CONSERVATIVE NONLINEAR DIFFUSION ACCELERATION APPLIED TO THE UNWEIGHTED LEAST-SQUARES TRANSPORT EQUATION IN MOOSE},
	note           = {{Nashville, TN, April, 2015}}
}

@article{saaf,
    author = {J.E. Morel and J. M. McGhee},
    title = {A Self-Adjoint Angular Flux Equation},
    journal ={Nuclear Science and Engineering},
    volume = {132},
    year = {1999},
    pages={312-325}
    }

